<?xml version="1.0" encoding="UTF-8"?><collection xmlns="http://www.loc.gov/MARC21/slim"><record><leader>00407nam--2200157-u-4500</leader><controlfield tag="001">000051368</controlfield><controlfield tag="002">20161230</controlfield><controlfield tag="005">20161230201049</controlfield><controlfield tag="008">080707s1000------------r-----000-0-eng-d</controlfield><datafield ind1=" " ind2=" " tag="040"><subfield code="a">IFIN-HH</subfield></datafield><datafield ind1="1" ind2="0" tag="100"><subfield code="a">Universitatea Bucuresti</subfield></datafield><datafield ind1="1" ind2=" " tag="245"><subfield code="a">Analiza matematica Vol. I</subfield></datafield><datafield ind1=" " ind2=" " tag="260"><subfield code="a">Bucuresti</subfield><subfield code="b">Editura didactica si pedagogica</subfield><subfield code="c">1962</subfield></datafield><datafield ind1=" " ind2=" " tag="300"><subfield code="a">757 p</subfield></datafield><datafield ind1=" " ind2=" " tag="852"><subfield code="a">47375</subfield><subfield code="c">517</subfield></datafield><datafield ind1=" " ind2=" " tag="CAT"><subfield code="a">Sys</subfield><subfield code="c">20080707</subfield><subfield code="h">123032</subfield></datafield></record></collection>